@article{p,
  title={Fundamental principles in bacterial physiologyâ€”history, recent progress, and the future with focus on cell size control: a review},
  author={Jun, Suckjoon and Si, Fangwei and Pugatch, Rami and Scott, Matthew},
  journal={Reports on Progress in Physics},
  volume={81},
  number={5},
  pages={056601},
  year={2018},
  publisher={IOP Publishing}
}

@article{monod,
  title={The growth of bacterial cultures},
  author={Monod, Jacques},
  journal={Annual review of microbiology},
  volume={3},
  number={1},
  pages={371--394},
  year={1949},
  publisher={Annual Reviews 4139 El Camino Way, PO Box 10139, Palo Alto, CA 94303-0139, USA}
}

@article{sm1,
  title={Dependency on medium and temperature of cell size and chemical composition during balanced growth of Salmonella typhimurium},
  author={Schaechter, Moselio and Maal{\o}e, Ole and Kjeldgaard, Niels O},
  journal={Microbiology},
  volume={19},
  number={3},
  pages={592--606},
  year={1958},
  publisher={Microbiology Society}
}

@article{sm2,
  title={The transition between different physiological states during balanced growth of Salmonella typhimurium},
  author={Kjeldgaard, NO and Maal{\o}e, O and Schaechter, Moselio},
  journal={Microbiology},
  volume={19},
  number={3},
  pages={607--616},
  year={1958},
  publisher={Microbiology Society}
}

@article{hc,
  title={Chromosome replication and the division cycle of Escherichia coli Br},
  author={Cooper, Stephen and Helmstetter, Charles E},
  journal={Journal of molecular biology},
  volume={31},
  number={3},
  pages={519--540},
  year={1968},
  publisher={Elsevier}
}

@article{2010,
  title={Interdependence of cell growth and gene expression: origins and consequences},
  author={Scott, Matthew and Gunderson, Carl W and Mateescu, Eduard M and Zhang, Zhongge and Hwa, Terence},
  journal={Science},
  volume={330},
  number={6007},
  pages={1099--1102},
  year={2010},
  publisher={American Association for the Advancement of Science}
}

@article{2014,
  title={Emergence of robust growth laws from optimal regulation of ribosome synthesis},
  author={Scott, Matthew and Klumpp, Stefan and Mateescu, Eduard M and Hwa, Terence},
  journal={Molecular systems biology},
  volume={10},
  number={8},
  pages={747},
  year={2014}
}

